% This file was created with JabRef 2.7.1.
% Encoding: UTF8

@STRING{dke = {Data \& Knowledge Engineering}}

@STRING{joop = {Journal of Object-Oriented Programming}}

@STRING{lnai = {Lecture Notes in Artificial Intelligence}}

@STRING{lncs = {Lecture Notes in Computer Science}}

@STRING{mibi = {Medizinische Informatik und Bioinformatik}}

@STRING{tkde = {IEEE Transactions on Knowledge and Data Engineering}}

@STRING{tods = {ACM Transactions on Database Systems}}

@STRING{tois = {ACM Transactions on Information Systems}}

@ARTICLE{Chen2011,
  author = {Chen, Ian Yen-Hung and MacDonald, Bruce A and W{\"u}nsche, Burkhard
	C},
  title = {A flexible mixed reality simulation framework for software development
	in robotics},
  journal = {Journal of Software Engineering for Robotics},
  year = {2011},
  volume = {2},
  pages = {40--54},
  number = {1},
  file = {:/Users/Nanoq/Documents/Uni/OvGU/DigiEng/Semester3/DigiEngProjekt/Simulation/documentation/projectReport/docear/literature_repository/MixedReality/Chen2011FlexibleMixedRealityFramework.pdf:PDF},
  publisher = {Citeseer}
}

@PHDTHESIS{deeg2006modeling,
  author = {Deeg, Carsten},
  title = {Modeling, Simulation, and Implementation of an Autonomously Flying
	Robot},
  school = {TU Berlin},
  year = {2006},
  isbn = {9783866241671},
  owner = {Nanoq},
  timestamp = {2016.01.28},
  url = {http://www.carstendeeg.de/marvin/dissertation/aerodynamik.html}
}

@ARTICLE{Karwoski2011,
  author = {Karwoski, Katherine},
  title = {Quadrocopter Control Design and Flight Operation},
  journal = {NASA Marshall Space Flight Center, Huntsville, AL, Technical Report},
  year = {2011},
  number = {M11-0980},
  file = {:/Users/Nanoq/Documents/Uni/OvGU/DigiEng/Semester3/DigiEngProjekt/Simulation/documentation/projectReport/docear/literature_repository/quadcopterControl/Karwoski2011QuadcopterControl.pdf:PDF}
}

@BOOK{Lautrup2011PhysicsContinuous,
  title = {Physics of Continuous Matter, Second Edition: Exotic and Everyday
	Phenomena in the Macroscopic World},
  publisher = {CRC Press},
  year = {2011},
  author = {Benny Lautrup},
  pages = {233},
  owner = {Nanoq},
  timestamp = {2016.01.31},
  url = {https://books.google.de/books?id=ohbSBQAAQBAJ&pg=PA233&dq=air+stream+incompressible+mach&hl=de&sa=X&ved=0ahUKEwjUhNHr_tPKAhUDdCwKHctuBkUQ6AEIPDAE#v=onepage&q=air%20stream%20incompressible%20mach&f=false}
}

@ARTICLE{luukkonen2011modelling,
  author = {Luukkonen, Teppo},
  title = {Modelling and control of quadcopter},
  journal = {Independent research project in applied mathematics, Espoo},
  year = {2011},
  file = {:/Users/Nanoq/Documents/Uni/OvGU/DigiEng/Semester3/DigiEngProjekt/Simulation/documentation/projectReport/docear/literature_repository/quadcopterControl/Luukkonen2011ModellingAndControlQuadcopter.pdf:PDF},
  owner = {Nanoq},
  timestamp = {2016.01.22}
}

@ELECTRONIC{bullet,
  title = {Bullet Physics Library},
  url = {http://bulletphysics.org/wordpress/},
  owner = {Nanoq},
  timestamp = {2016.01.22}
}

@ELECTRONIC{pprz,
  title = {Paparazzi},
  url = {http://wiki.paparazziuav.org/wiki/Main_Page},
  owner = {Nanoq},
  timestamp = {2015.12.13}
}

@ELECTRONIC{vrep,
  title = {V-REP},
  organization = {Coppelia Robotics},
  url = {http://www.coppeliarobotics.com},
  owner = {Nanoq},
  timestamp = {2015.11.04}
}

@comment{jabref-meta: selector_publisher:}

@comment{jabref-meta: selector_author:}

@comment{jabref-meta: selector_journal:}

@comment{jabref-meta: selector_keywords:}

@comment{jabref-meta: groupsversion:3;}

@comment{jabref-meta: groupstree:
0 AllEntriesGroup:;
1 ExplicitGroup:link spam\;0\;;
1 ExplicitGroup:content spam\;0\;;
1 ExplicitGroup:competiror click fraud\;0\;;
1 KeywordGroup:Norman\;0\;owner\;Norman\;1\;0\;;
1 ExplicitGroup:ourpublications\;0\;;
1 ExplicitGroup:test\;0\;;
}

